<record><leader>00000cas a2200000 a 4500</leader><controlfield tag="001">15322789</controlfield><controlfield tag="008">870316d187519uuiluwr ne      0   a0eng c</controlfield><datafield ind1=" " ind2=" " tag="010"><subfield code="a">sn 87082375 </subfield></datafield><datafield ind1=" " ind2=" " tag="040"><subfield code="a">NPV</subfield><subfield code="b">eng</subfield><subfield code="c">NPV</subfield><subfield code="d">NVF</subfield><subfield code="d">OCL</subfield><subfield code="d">OCLCQ</subfield><subfield code="d">NVF</subfield><subfield code="d">OCLCQ</subfield><subfield code="d">OCLCF</subfield><subfield code="d">OCLCO</subfield><subfield code="d">NVF</subfield></datafield><datafield ind1=" " ind2=" " tag="042"><subfield code="a">pcc</subfield></datafield><datafield ind1=" " ind2=" " tag="043"><subfield code="a">n-us-il</subfield></datafield><datafield ind1="0" ind2="0" tag="245"><subfield code="a">Savanna weekly times.</subfield></datafield><datafield ind1=" " ind2=" " tag="260"><subfield code="a">Savanna, Ill. :</subfield><subfield code="b">Simon Greenleaf</subfield></datafield><datafield ind1=" " ind2=" " tag="300"><subfield code="a">volumes</subfield></datafield><datafield ind1=" " ind2=" " tag="310"><subfield code="a">Weekly</subfield></datafield><datafield ind1="1" ind2=" " tag="362"><subfield code="a">Began in 1875?</subfield></datafield><datafield ind1=" " ind2=" " tag="580"><subfield code="a">Issued with: Chadwick sentinel, &lt;1892&gt;, and: Thomson record, &lt;1892&gt;</subfield></datafield><datafield ind1=" " ind2=" " tag="588"><subfield code="a">Description based on: Vol. 2, no. 2 (July 8, 1876).</subfield></datafield><datafield ind1=" " ind2=" " tag="588"><subfield code="a">Latest issue consulted: Apr. 6, 1893.</subfield></datafield><datafield ind1=" " ind2="0" tag="651"><subfield code="a">Savanna (Ill.)</subfield><subfield code="v">Newspapers.</subfield></datafield><datafield ind1=" " ind2="7" tag="651"><subfield code="a">Illinois</subfield><subfield code="z">Savanna.</subfield><subfield code="2">fast</subfield><subfield code="0">(OCoLC)fst01226878</subfield></datafield><datafield ind1=" " ind2="7" tag="655"><subfield code="a">Newspapers.</subfield><subfield code="2">fast</subfield><subfield code="0">(OCoLC)fst01423814</subfield></datafield><datafield ind1=" " ind2=" " tag="752"><subfield code="a">United States</subfield><subfield code="b">Illinois</subfield><subfield code="c">Carroll County</subfield><subfield code="d">Savanna.</subfield></datafield><datafield ind1="1" ind2=" " tag="777"><subfield code="t">Chadwick sentinel</subfield><subfield code="w">(DLC)sn 87082374</subfield><subfield code="w">(OCoLC)15322732</subfield></datafield><datafield ind1="1" ind2=" " tag="777"><subfield code="t">Thomson record</subfield><subfield code="w">(DLC)sn 93055931</subfield><subfield code="w">(OCoLC)28307178</subfield></datafield><datafield ind1="1" ind2=" " tag="029"><subfield code="a">AU@</subfield><subfield code="b">000020450587</subfield></datafield></record>